

@article {projectdata,
title={Internally organized mechanisms of the head direction sense},
author={Peyrache and Lacroix and Petersen and Buzs√°kie},
journal={Nature Neuroscience},
volume={18},
number={4},
pages={569--575},
year={2015},
publisher={Nature America Inc}
}