

@article {lyapnuv-stability,
title={Convergence Analysis of Hopfield Neural Networks},
author={Ensari and Yüksel},
journal={6th International Advanced Technologies Symposium (IATS’11)},
pages={84--86},
year={2011}
}

@article {hopfield,
title={Neural networks and physical systems with emergent collective computational abilities},
author={J. J. Hopfield},
year={1982}
}
@book {hebb,
title={The organization of behavior: A neuropsychological theory},
author={D. O. Hebb},
year={1949}
}




